<record><leader>00000cas a2200000 a 4500</leader><controlfield tag="001">11961030</controlfield><controlfield tag="008">850425c18699999tnuwr ne      0   a0eng d</controlfield><datafield ind1=" " ind2=" " tag="010"><subfield code="a">sn 85033429 </subfield></datafield><datafield ind1=" " ind2=" " tag="040"><subfield code="a">NPU</subfield><subfield code="b">eng</subfield><subfield code="c">NPU</subfield><subfield code="d">DLC</subfield><subfield code="d">NPX</subfield><subfield code="d">PPM</subfield><subfield code="d">KNP</subfield><subfield code="d">TGN</subfield><subfield code="d">OCL</subfield><subfield code="d">TGN</subfield><subfield code="d">OCL</subfield><subfield code="d">DLC</subfield><subfield code="d">OCLCF</subfield><subfield code="d">DLC</subfield></datafield><datafield ind1="0" ind2=" " tag="022"><subfield code="a">2333-2921</subfield><subfield code="2">1</subfield></datafield><datafield ind1=" " ind2=" " tag="037"><subfield code="b">P.O. Box 277, Jonesboro, Tenn. 37659</subfield></datafield><datafield ind1=" " ind2=" " tag="042"><subfield code="a">msc</subfield><subfield code="a">nsdp</subfield></datafield><datafield ind1="0" ind2="0" tag="050"><subfield code="a">Newspaper</subfield></datafield><datafield ind1="0" ind2="0" tag="082"><subfield code="a">071</subfield><subfield code="2">23</subfield></datafield><datafield ind1="0" ind2=" " tag="130"><subfield code="a">Herald and tribune (Jonesborough, Tenn. : 1869)</subfield></datafield><datafield ind1=" " ind2="0" tag="222"><subfield code="a">Herald and tribune</subfield><subfield code="b">(Jonesborough, Tenn. 1869. Print)</subfield></datafield><datafield ind1="1" ind2="0" tag="245"><subfield code="a">Herald and tribune.</subfield></datafield><datafield ind1="1" ind2=" " tag="246"><subfield code="i">Issues for Sept. 10, 1980-Apr. 8, 1981 have title:</subfield><subfield code="a">Herald-tribune</subfield></datafield><datafield ind1=" " ind2=" " tag="260"><subfield code="a">Jonesborough, Tenn. :</subfield><subfield code="b">C. Wheeler &amp; M.S. Mahoney,</subfield><subfield code="c">1869-</subfield></datafield><datafield ind1=" " ind2=" " tag="300"><subfield code="a">v. : ill. (chiefly advertisements) ;</subfield><subfield code="c">62 cm.</subfield></datafield><datafield ind1=" " ind2=" " tag="310"><subfield code="a">Weekly</subfield></datafield><datafield ind1="0" ind2=" " tag="362"><subfield code="a">Vol. 1, no. 1 (Aug. 26, 1869)-</subfield></datafield><datafield ind1=" " ind2=" " tag="500"><subfield code="a">Publishers: C. Wheeler &amp; M.S. Mahoney, 1869-1873; M.S. Mahoney, 1873-1876; W.P. Brownlow, 1876-&lt;1883&gt;; Herald &amp; Tribune Co., &lt;1883-1894&gt;; F.L. Fornshell, &lt;1896-1906&gt;; H.C. Beauchamp, 1906-1911; Neil D. Ames, 1911-1912; W.F. Piper, 1912; H.D. Smith, &lt;1912&gt;; E.S. Depew, &lt;1917&gt;-1947; Tim Pridgen, 1947-1956; Herald and Tribune Inc., 1957-1980; County News Inc., 1980-1981; Jonesboro Pub. Co., 1981-</subfield></datafield><datafield ind1=" " ind2=" " tag="530"><subfield code="a">Available on microfilm from Tennessee State Library and Archives.</subfield></datafield><datafield ind1=" " ind2=" " tag="530"><subfield code="a">Archived issues are available in digital format as part of the Library of Congress Chronicling America online collection.</subfield></datafield><datafield ind1=" " ind2="0" tag="651"><subfield code="a">Jonesborough (Tenn.)</subfield><subfield code="v">Newspapers.</subfield></datafield><datafield ind1=" " ind2="0" tag="651"><subfield code="a">Washington County (Tenn.)</subfield><subfield code="v">Newspapers.</subfield></datafield><datafield ind1=" " ind2="7" tag="651"><subfield code="a">Tennessee</subfield><subfield code="z">Jonesborough.</subfield><subfield code="2">fast</subfield><subfield code="0">(OCoLC)fst01205924</subfield></datafield><datafield ind1=" " ind2="7" tag="651"><subfield code="a">Tennessee</subfield><subfield code="z">Washington County.</subfield><subfield code="2">fast</subfield><subfield code="0">(OCoLC)fst01234578</subfield></datafield><datafield ind1=" " ind2="7" tag="655"><subfield code="a">Newspapers.</subfield><subfield code="2">fast</subfield><subfield code="0">(OCoLC)fst01423814</subfield></datafield><datafield ind1=" " ind2=" " tag="752"><subfield code="a">United States</subfield><subfield code="b">Tennessee</subfield><subfield code="c">Washington</subfield><subfield code="d">Jonesborough.</subfield></datafield><datafield ind1="0" ind2="8" tag="776"><subfield code="i">Online version:</subfield><subfield code="t">Herald and tribune (Jonesborough, Tenn. : 1869 : Online)</subfield><subfield code="x">2333-293X</subfield><subfield code="w">(DLC)  2014218225</subfield><subfield code="w">(OCoLC)862978446</subfield></datafield><datafield ind1="4" ind2="1" tag="856"><subfield code="u">http://www.loc.gov/chroniclingamerica/lccn/sn85033429/issues</subfield></datafield></record>